@Book{si-brochure,
  author  = {{{International Bureau of Weights and Measures}}},
  date    = {2019},
  title   = {Le Syst\`eme international dâ€™unit\'es / The International System of Units ('The {SI} Brochure')},
  edition = {Ninth},
  isbn    = {978-92-822-2272-0},
  url     = {https://www.bipm.org/en/publications/si-brochure/},
}

@Online{wiki-si,
  author  = {{Wikipedia, The Free Encyclopedia}},
  date    = {2025-03-08},
  title   = {International System of Units},
  url     = {https://en.wikipedia.org/wiki/International_System_of_Units},
  urldate = {2025-03-08},
}

@Article{periodic-verification,
  author       = {G. Girard},
  date         = {1994-01},
  journaltitle = {Metrologia},
  title        = {The Third Periodic Verification of National Prototypes of the Kilogram (1988-1992)},
  doi          = {10.1088/0026-1394/31/4/007},
  issn         = {1681-7575},
  number       = {4},
  pages        = {317--336},
  volume       = {31},
  publisher    = {IOP Publishing},
}

@InCollection{experiment-in-physics,
  author    = {Franklin, Allan and Perovic, Slobodan},
  booktitle = {The {Stanford} Encyclopedia of Philosophy},
  date      = {2023},
  title     = {Experiment in Physics},
  edition   = {Fall 2023},
  editor    = {Edward N. Zalta and Uri Nodelman},
  publisher = {Metaphysics Research Lab, Stanford University},
  url       = {https://plato.stanford.edu/archives/fall2023/entries/physics-experiment/},
  urldate   = {2025-03-08},
}

@Online{wiki-ipk,
  author  = {{Wikipedia, The Free Encyclopedia}},
  date    = {2025-02-24},
  title   = {International Prototype of the Kilogram},
  url     = {https://en.wikipedia.org/wiki/International_Prototype_of_the_Kilogram},
  urldate = {2025-03-08},
}

@Online{wiki-ampere,
  author  = {{Wikipedia, The Free Encyclopedia}},
  date    = {2025-02-03},
  title   = {Ampere},
  url     = {https://en.wikipedia.org/wiki/Ampere},
  urldate = {2025-03-08},
}

@Online{wiki-kelvin,
  author  = {{Wikipedia, The Free Encyclopedia}},
  date    = {2025-03-04},
  title   = {Kelvin},
  url     = {https://en.wikipedia.org/wiki/Kelvin},
  urldate = {2025-03-08},
}

@Online{si-diagram,
  author  = {Emilio Pisanty},
  date    = {2018-11-18},
  title   = {SI Unit Relations},
  url     = {https://github.com/episanty/SI-unit-relations},
  urldate = {2025-03-08},
}

@Online{water-diagram,
  author  = {{Cmglee}},
  date    = {2024-10-04},
  editor  = {{Wikipedia, The Free Encyclopedia}},
  title   = {Phase diagram of water simplified},
  url     = {https://commons.wikimedia.org/wiki/File:Phase_diagram_of_water_simplified.svg},
  urldate = {2025-03-08},
}

@Online{cambridge-syllabus,
  author  = {{Cambridge International Education}},
  title   = {Cambridge International AS and A Level Physics (9702)},
  url     = {https://www.cambridgeinternational.org/programmes-and-qualifications/cambridge-international-as-and-a-level-physics-9702/},
  urldate = {2025-03-08},
}

@Online{wiki-redef,
  author  = {{Wikipedia, The Free Encyclopedia}},
  date    = {2025-03-03},
  title   = {2019 revision of the SI},
  url     = {https://en.wikipedia.org/wiki/2019_revision_of_the_SI},
  urldate = {2025-03-08},
}

@Comment{jabref-meta: databaseType:biblatex;}
